<mx:record xmlns="http://www.w3.org/TR/xhtml1/strict" xmlns:mx="http://www.loc.gov/MARC21/slim" xmlns:xsi="http://www.w3.org/2001/XMLSchema-instance"><mx:leader>00000cz 2200000n 4500</mx:leader><mx:controlfield tag="001">oca01033980 </mx:controlfield><mx:controlfield tag="005">20030403033219.0</mx:controlfield><mx:controlfield tag="008">831018n| acannaab |a ana c</mx:controlfield><mx:datafield ind1=" " ind2=" " tag="010"><mx:subfield code="a">n 83230210 </mx:subfield></mx:datafield><mx:datafield ind1=" " ind2=" " tag="040"><mx:subfield code="a">InU</mx:subfield><mx:subfield code="c">DLC</mx:subfield><mx:subfield code="d">UPB</mx:subfield></mx:datafield><mx:datafield ind1=" " ind2="0" tag="130"><mx:subfield code="a">Octavia (Praetexta)</mx:subfield></mx:datafield><mx:datafield ind1=" " ind2="0" tag="430"><mx:subfield code="a">Octavia fabula praetexta</mx:subfield></mx:datafield><mx:datafield ind1="1" ind2=" " tag="400"><mx:subfield code="a">Seneca, Lucius Annaeus,</mx:subfield><mx:subfield code="d">ca. 4 B.C.-65 A.D.</mx:subfield><mx:subfield code="t">Octavia</mx:subfield></mx:datafield><mx:datafield ind1=" " ind2=" " tag="670"><mx:subfield code="a">Its Octavia praetexta, 1909.</mx:subfield></mx:datafield><mx:datafield ind1=" " ind2=" " tag="670"><mx:subfield code="a">Its Octavia fabula praetexta, 1949.</mx:subfield></mx:datafield><mx:datafield ind1=" " ind2=" " tag="670"><mx:subfield code="a">Its The Octavia, 1978.</mx:subfield></mx:datafield><mx:datafield ind1=" " ind2=" " tag="670"><mx:subfield code="a">LC data base, 10/10/83</mx:subfield><mx:subfield code="b">(hdg.: Octavia (Praetexta); usage: Octavia)</mx:subfield></mx:datafield><mx:datafield ind1=" " ind2=" " tag="670"><mx:subfield code="a">Oxford comp. to classical lit., 1937</mx:subfield><mx:subfield code="b">(Octavia, a Roman tragedy included in the manuscripts with the
            tragedies of Seneca but probably written by an imitator at a later date)</mx:subfield></mx:datafield></mx:record>